@Article{ HGF+01,
	Author = "J.V. Haxby and M.I. Gobbini and M.L. Furey and A. Ishai and J.L. Schouten and P. Pietrini",
	Title = "Distributed and overlapping representations of faces and objects in ventral temporal cortex.",
	Journal = "Science",
	Volume = "293",
	Pages = "2425–2430",
	year = 2001,
	doi = "10.1126/science.1063736",
	pymvpa-keywords = "split-correlation classifier"
}

@Article{ CPL+06,
	Author = "X. Chen and F. Pereira and W. Lee and S. Strother and T. Mitchell",
	Title = "Exploring predictive and reproducible modeling with the single-subject {FIAC} dataset.",
	Journal = "Human Brain Mapping",
	Volume = "27",
	Pages = "452–461",
	url = "http://eutils.ncbi.nlm.nih.gov/entrez/eutils/elink.fcgi?cmd=prlinks\&dbfrom=pubmed\&retmode=ref\&id=16565951",
	year = 2006,
	doi = "10.1002/hbm.20243",
	pymvpa-keywords = "feature selection stability",
	pymvpa-summary = "This paper illustrates the necessity to consider the stability or reproducibility of a classifier's feature selection as at least equally important to it's generalization performance."
}

@Article{ LSC+05,
	issn = "1053-8119",
	volume = "26",
	year = "2005",
	journal = "Neuroimage",
	title = "Support vector machines for temporal classification of block design fMRI data.",
	pages = "317–329",
	affiliation = "Biomedical Engineering, Georgia Institute of Technology, Emory University, Atlanta, 30322, USA.",
	author = "Stephen LaConte and Stephen Strother and Vladimir Cherkassky and Jon Anderson and Xiaoping Hu",
	doi = "10.1016/j.neuroimage.2005.01.048",
	pymvpa-summary = "Comprehensive evaluation of preprocessing options with respect to SVM-classifier (and others) performance on block-design fMRI data.",
	pymvpa-keywords = "SVM"
}

@Article{ KGB06,
	issn = "0027-8424",
	volume = "103",
	year = "2006",
	journal = "Proceedings of the National Academy of Sciences of the USA",
	title = "Information-based functional brain mapping.",
	pages = "3863–3868",
	affiliation = "Section on Functional Imaging Methods, Laboratory of Brain and Cognition, National Institute of Mental Health, Building 10, Room 1D80B, 10 Center Drive MSC 1148, Bethesda, MD 20892-1148, USA. niko@nih.gov",
	author = "Nikolaus Kriegeskorte and Rainer Goebel and Peter Bandettini",
	doi = "10.1073/pnas.0600244103",
	pymvpa-keywords = "searchlight",
	pymvpa-summary = "Paper introducing the searchlight algorithm."
}

@Article{ HR06,
	issn = "1471-003X",
	volume = "7",
	year = "2006",
	journal = "Nature Reviews Neuroscience",
	title = "Decoding mental states from brain activity in humans.",
	pages = "523–534",
	author = "John-Dylan Haynes and Geraint Rees",
	doi = "10.1038/nrn1931",
	pymvpa-summary = "Review of decoding studies, emphasizing the importance of ethical issues concerning the privacy of personal thought."
}

@Book{ Vap95,
	title = "The Nature of Statistical Learning Theory",
	author = "Vladimir Vapnik",
	publisher = "Springer",
	address = "New York",
	isbn = "0-387-94559-8",
	year = "1995",
	pymvpa-keywords = "support vector machine, SVM"
}

@Article{ KCF+05,
	Author = "B. Krishnapuram and L. Carin and M. A. Figueiredo and A. J. Hartemink",
	Title = "Sparse multinomial logistic regression: fast algorithms and generalization bounds.",
	Journal = "IEEE Transactions on Pattern Analysis and Machine Intelligence",
	Volume = "27",
	Pages = "957–968",
	url = "http://eutils.ncbi.nlm.nih.gov/entrez/eutils/elink.fcgi?cmd=prlinks\&dbfrom=pubmed\&retmode=ref\&id=15943426",
	year = 2005,
	pymvpa-keywords = "sparse multinomial logistic regression, SMLR",
	doi = "10.1109/TPAMI.2005.127"
}

@Article{ EHJ+04,
	title = "Least Angle Regression",
	author = "Bradley Efron and Hastie. Trevor and Iain Johnstone and Robert Tibshirani",
	journal = "Annals of Statistics",
	pages = "407–499",
	volume = "32",
	year = "2004",
	doi = "10.1214/009053604000000067",
	pymvpa-keywords = "least angle regression, LARS"
}

@Article{ HH08,
	issn = "0899-7667",
	volume = "20",
	year = "2008",
	journal = "Neural Computation",
	title = "Brain reading using full brain support vector machines for object recognition: there is no ``face'' identification area.",
	pages = "486–503",
	affiliation = "Rutgers Mind/Brain Analysis Laboratories, Psychology Department, Rutgers University, Newark, NJ 07102, U.S.A. jose@tractatus.rutgers.edu.",
	author = "Stephen José Hanson and Yaroslav O Halchenko",
	doi = "10.1162/neco.2007.09-06-340",
	pymvpa-keywords = "support vector machine, SVM, recursive feature elimination, RFE"
}

@Article{ NPD+06,
	issn = "1364-6613",
	volume = "10",
	year = "2006",
	journal = "Trends in Cognitive Science",
	title = "Beyond mind-reading: multi-voxel pattern analysis of fMRI data.",
	pages = "424–430",
	author = "Kenneth A Norman and Sean M Polyn and Greg J Detre and James V Haxby",
	doi = "10.1016/j.tics.2006.07.005"
}

@Article{ Dem06,
	author = "Janez Demšar",
	title = "Statistical Comparisons of Classifiers over Multiple Data Sets",
	journal = "Journal of Machine Learning Research",
	volume = "7",
	year = "2006",
	issn = "1533-7928",
	pages = "1–30",
	publisher = "MIT Press",
	address = "Cambridge, MA, USA",
	url = "http://portal.acm.org/citation.cfm?id=1248548",
	pymvpa-summary = "This is a review of several classifier benchmark procedures."
}

@Article{ NH02,
	issn = "1065-9471",
	volume = "15",
	number = "1",
	year = "2002",
	Journal = "Human Brain Mapping",
	title = "Nonparametric permutation tests for functional neuroimaging: a primer with examples.",
	pages = "1–25",
	affiliation = "Department of Biostatistics, University of Michigan, Ann Arbor, Michigan, USA.",
	author = "Thomas E Nichols and Andrew P Holmes",
	pymvpa-summary = "Overview of standard nonparametric randomization and permutation testing applied to neuroimaging data (e.g. fMRI)",
	doi = "10.1002/hbm.1058"
}

@Article{ SMM+08,
	volume = "172",
	number = "1",
	year = "2008",
	journal = "Journal of Neuroscience Methods",
	title = "The impact of functional connectivity changes on support vector machines mapping of fMRI data.",
	pages = "94–104",
	doi = "10.1016/j.jneumeth.2008.04.008",
	author = "João Ricardo Sato and Janaina Mourão-Miranda and Maria da Graça {Morais Martin} and Edson Amaro and Pedro Alberto Morettin and Michael John Brammer",
	pymvpa-summary = "Discussion of possible scenarios where univariate and multivariate (SVM) sensitivity maps derived from the same dataset could differ. Including the case were univariate methods would assign a substantially larger score to some features.",
	pymvpa-keywords = "support vector machine, SVM, sensitivity"
}

